@INPROCEEDINGS{
	main,
	author={X. {Ye} and D. {Fan} and W. {Lin} and N. {Yuan} and P. {Ienne}},
	booktitle={2010 IEEE International Symposium on Parallel   Distributed Processing (IPDPS)}, 
	title={High performance comparison-based sorting algorithm on many-core GPUs}, 
	year={2010},
	pages={1-10},
	doi = {10.1109/IPDPS.2010.5470445}
}

@misc{
	GeForce,
	title = {Nvidia GeForce 940MX},
	howpublished = {\url{https://www.geforce.com/hardware/notebook-gpus/geforce-940mx}},
}

@misc{
	BS,
	title = {Bitonic mergesort},
	howpublished = {\url{https://en.wikipedia.org/wiki/Bitonic_sorter}},
}